\begin{bibliography}
@article{huang2018evorus,
  title={Evorus: A Crowd-powered Conversational Assistant Built to Automate Itself Over Time},
  author={Huang, Ting-Hao'Kenneth' and Chang, Joseph Chee and Bigham, Jeffrey P},
  journal={arXiv preprint arXiv:1801.02668},
  year={2018}
}
@article{shum2018eliza,
  title={From Eliza to XiaoIce: Challenges and Opportunities with Social Chatbots},
  author={Shum, Heung-Yeung and He, Xiaodong and Li, Di},
  journal={arXiv preprint arXiv:1801.01957},
  year={2018}
}
@article{perera2018multi,
  title={Multi-Task Learning for parsing the Alexa Meaning Representation Language},
  author={Perera, Vittorio and Chung, Tagyoung and Kollar, Thomas and Strubell, Emma},
  year={2018}
}
@article{TalkingToSiri,
  title={Talking to Siri: Learning the Language of Apple's Intelligent Assistant},
  author={Erica Sadun, Steve Sande},
  year={2012}
}
@article{AmazonRejects,
  title={Amazon Rejects AI2's Alexa skill voice-search engin. Will it build one?},
  author={Josh Constine},
  year={2017}
}
@article{SpeakMemory,
  title={SPEAK, MEMORY: When her best friend did, she rebuilt him using artificial intelligence.},
  author={Casey Newton},
  url={https://www.theverge.com/a/luka-artificial-intelligence-memorial-roman-mazurenko-bot},
  year={2017}
}
@InProceedings{Normalization,
    author = {Bo Han, Timothy Baldwin},
    title = {Lexical Normalization of Short Text Messages: Makn Sens a Twitter},
    booktitle = {Proceedings of the 49th Annual Meeting of the Association for Computational Linguistics: Human Language Technologies = Volume 1},
    year = {2011},
    location = {PA, USA},
    pages = {368-378}
}
@InProceedings{Bandits,
  title={Efficient crowdsourcing of unknown experts using bounded multi-armed bandits.},
  author={Long Tran-Thanh, Sebastian Stein, Alex Rogers},
  booktitle = {Artificial Intelligence 214},
  pages = {89-111},
  year={2014}
}
@InProceedings{AutoLearn,
    author = {Konrad Scheffler, Steve Young},
    title = {Automatic Learning of Dialogue Strategy Using Dialogue Simulation and Reinforcement Learning},
    booktitle = {Proceedings of the Second International Conference on Human Language Technology Research},
    publisher = {Morgan Kaufmann Publishers Inc.},
    year = {2002},
    location = {San Francisco, CA, USA},
    pages = {12-19}
}
@InProceedings{Glove,
  title={GloVe: Global Vectors for Word Representation},
  author={Jeffrey Pennington, Richard Socher, Christopher D.},
  booktitle = {In Empirical Methods in Natural Language Processing},
  url={http://www.aclweb.org/anthology/d14-1162},
  pages = {1532-1543},
  year={2014}
}
@InProceedings{Paradise,
    author = {Marilyn A Walker, Diane J Litman, Candace A Kamm},
    title = {PARADISE: A framework for evaluating spoken dialogue agents.},
    booktitle = {In Proceedings of the eigth conference on European chapter of the Association for Computational Linguistics},
    year = {1997},
    pages = {271-280}
}
@InProceedings{QC,
    author = {Leigh Anne Liu, Chei Hwee Chua, Gunter K Stahl},
   title = {Quality of communication experience: definition, measurement, and implications for intercultural negotiations},
    booktitle = {Journal of Applied Psychology},
    year = {2010}
}
@InProceedings{Sensitive,
  title={Sensitivity to expression of emotional meaning in three modes of communication},
  author={Beldoch},
  booktitle = {In The Communication of Emotional Meaning},
  pages = {31-42},
  year={1964}
}
@InProceedings{NIPS,
  title={A nural probablistic language model},
  author={Bengio, Dacharme, Vincent},
  booktitle = {In Proceedings of NIPS},
  year={2001}
}
@InProceedings{Neural,
  title={Neural sentiment classification with user and product attention},
  author={Chen, Sun, Tu},
  booktitle = {In Proceedings of EMNLP},
  year={2016}
}
@InProceedings{Visual,
  title={From captions to visual concepts and back},
  author={Fang, Gupta, Iandola},
  booktitle = {In Proceedings of the IEEE conference on computer vision and pattern recognition},
  year={2015}
}
@article{Empathetic,
  title={Towards Empathetic Human-Robot Interactions},
  author={Fung, Bertero, Wan},
  journal = {arXiv:1605.04072},
  year={2016}
}
@article{Frames,
  title={The Theory of Multiple Intelligences},
  author={Garnder H.},
  publisher={New York: Basic Books},
  year={1983}
}
@article{Emotional,
  title={Why it can matter more than IQ},
  author={Goleman D.},
  publisher = {Bantam Books, Inc.},
  year={1995}
}
@InProceedings{DeepNeural,
  title={Deep neural networks for acoustic modeling in speech recognition.},
  author={Hinton G., Deng L. Yu D.},
  booktitle={IEEE Signal Processing Magazine},
  year={2012}
}
@InProceedings{NeuralComputation,
  title={Long short-term memory},
  author={Hochreiter S. Schmidhuber J.},
  booktitle = {In Neural Computation, vol. 9 no. 8},
  pages = {1735-1780},
  year={1997}
}
@InProceedings{LearningDeep,
  title={Learning deep structured semantic models for web search using clickthrough data},
  author={Guang P. He X. Gao J.},
  booktitle = {In Proceedings of CIKM}
}
@InProceedings{RepresentationLearning,
  title = {A Proactive content introducing approach to automatic human computer conversation},
  author={Li X., Mou L., Yan R.},
  booktitle = {In IJCAI},
  year = {2016}
}
@InProceedings{MultiTask,
  title={Represntation Learning Using Multi-Task Deep Neural Networks for Semantic Classification and Information Retrieval},
  author={Liu X. Gao X. He X.},
  booktitle = {In HLT-NAACL},
  pages = {912-921},
  year = {2015}
}
@InProceedings{Motivation,
  title={A theory of human motivation.},
  author={Maslow A.},
  booktitle = {In Psychological Review},
  pages = {370-396},
  year = {1943}
}
@InProceedings{TransOnAudio,
  title={A framework for automatic human emotion classification using emotion profiles},
  author={Mower E. Narayanan S.},
  booktitle = {In IEEE Transactions on Audio, Speech, and Language Processing},
  Year = {2011}
}
@InProceedings{EmotionalIntelligence,
  title={A critique of emotional intelligence: what are the problems and how can they be fixed?},
  author={Murphy K.R.},
  booktitle = {Psychology Press},
  year = {2014}
}
@InProceedings{PersonalDigitalAssistants,
  title={The technology behind personal digital assistants - An overview of the system architecture and key components},
  author={Sarikaya R.},
  booktitle = {IEEE Signal Processing Magazine},
  year = {2017}
}
@InProceedings{Workshop,
  title={Different measurements metrics to evaluate a chatbot system},
  author={Shawar B.A, Atwell E.},
  booktitle = {In Proceedings of the Workshop on Bridging the Gap: Academic and Industrial Research in Dialog Technologies},
  pages = {89-96},
  year = {2007}
}
@InProceedings{Turing,
  title={Lessons from a restricted Turing test},
  author={Shieber S.},
  booktitle = {In Communication of the Association for omputing Machinery},
  pages = {70-78},
  year = {1994}
}
@InProceedings{Recursive,
  title={Recursive deep models for semantic compositionality over a sentiment treebank},
  author={Socher R., Perelygin A., Wu J.},
  booktitle = {In Proceedings of the 2013 conference on empirical methods in natural language processing},
  pages = {1631-1642},
  year = {2013}
}
@InProceedings{NAACL,
  title={A neural network approach to context-sensitive generation of conversational responses},
  author={Sordoni A., Galley M. Auli M.},
  booktitle = {In NAACL},
  year = {2015}
}
@InProceedings{Emo,
  title={Emotion classification using massive examples extracted from the web},
  author={Tokuhisa R., Inui K., Matsumoto Y.},
  booktitle = {In Proceedings of the 22nd International Conference on Computational Linguistics (COLING)},
  year = {2008}
}
@article{Spoken,
  title={Spoken language understanding: Systems for extracting semantic information from speech},
  author={Tur G., Mor R. D.},
  publisher = {John Wilery and Sons},
  year = {2011}
}
@InProceedings{ICML,
  title={A neural conversational model},
  author={Vinyals O., Le Q. V.},
  booktitle = {In Proceedings of ICML deep learning workshop},
  year = {2015}
}
@InProceedings{Hierarchical,
  title={Hierarchical Attention Networks for Document Classification},
  author={Yang Z., Yang D., Dyer C.},
  booktitle = {In HLT-NAACL},
  pages = {1480-1489},
  year = {2016}
}
@inProceedings{huber2018emotional,
  title={Emotional Dialogue Generation using Image-Grounded Language Models},
  author={Huber, Bernd and McDuff, Daniel and Brockett, Chris and Galley},
  booktitle={Proceedings of the 2018 CHI Conference on Human Factors in Computing Systems},
  pages={277},
  year={2018},
  organization={ACM}
}
@inProceedings{captioning,
  title={Image captioning with semantic attention},
  author={Quanzeng You, Hailin Jin, Zhaowen Wang},
  booktitle={Proceedings of the 2016 IEEE Conference on Computer Vision and Pattern Recognition},
  pages={4651-4659},
  year={2016}
}
@inProceedings{neuralStuff,
  title={A diversity-promoting objective function for neural conversation models},
  author={Jiwei Li, Michel Galley, Chris Brockett},
  booktitle={Proceedings of NAACL-HLT}
}
@inProceedings{convo,
  title={Neural Responding Machine for Short-Text Conversation},
  author={Lifeng Shang, Zhengdong Lu, Hang Li},
  booktitle={Proceedings in ACL-IJCNLP},
  year={2015}
}
@inProceedings{deepLearning,
  title={A Neural Conversational Model},
  author={Oriol Vinyals, Quoc Le},
  booktitle={Proceedings of ICML Deep Learning Workshop},
  year={2015}
}
@inProceedings{advance,
  title={Sequence to sequence learning with neural networks},
  author={Hya Sutskever, Oriol Vinyals, Quoc V. Le},
  booktitle={Proceedings in Advances in neural information processing systems.},
  pages={3104-3112},
  year={2014}
}
@inProceedings{million,
  title={Learning deep features for scene recognition using places databases},
  author={Bolei Zhou, Agata Lapedriza, Jianxiong Xiao},
  booktitle={Proceedings in Advances in neural information processing systems},
  pages={487-495},
  year={2014}
}
@inProceedings{mvso,
  title={Visual affect around the world: A large-scale multilingual visual sentiment ontology},
  author={Brendan Jou, Tao Chen, Nikolaos Pappas},
  booktitle={In Proceedings of the 23d ACM international conference on Multimedia. ACM},
  pages={159-168},
  year={2015}
}
@inProceedings{facs,
  title={Facial action coding system: A technique for the measurement of facial movement},
  author={Paul Ekman, Wallace V Friesen, John Hager},
  booktitle={Proceedings in Research Nexus, Salt Lake City, UT},
  year={2002}
}
@inProceedings{svm,
  title={Openface: an open source facial behavior analysis toolkit},
  author={Tadas Baltusaitis, Peter Robinson, Louis-Philippe},
  booktitle={Proceedings in Applications of Computer Vision (WACV), 2016 IEEE Winter Conference on. IEEE},
  pages={1-10},
  year={2016}
}
\end{bibliography}