\begin{bibliography}
@InProceedings{TheBest,
 title = {The Best Programming Languages for Each Situation},
 author = {Gabriele Tomassetti},
 url = {https://tomassetti.me/best-programming-languages/},
 year = {2017}
}
@InProceedings{TheBestToday,
 title = {10 Most Popular Programming Languages Today},
 author = {Larry Kim},
 url = {https://www.inc.com/larry-kim/10-most-popular-programming-languages-today.html}
}
@InProceedings{Stats,
 title = {Developer Survey Results},
 url = {https://insights.stackoverflow.com/survey/2017#most-loved-dreaded-and-wanted info source},
 year = {2017},
 organization = {StackOverflow}
}
@InProceedings{History,
 title = {History and Evolution of Programming Languages},
 author = {Denis Sureau},
 year = {2015},
 url = {http://www.scriptol.com/programming/history.php}
}
@InProceedings{ProgrammingLanguageTrends,
 title = {The Best Programming Languages for Each Situation},
 author = {Yaofei Chen and Ali Mili and Lan Wu and Rose Dios and Kefei Wang},
 url = {https://pdfs.semanticscholar.org/160a/dad1e3229a3a1f38efd1d69dc634d1e72e06.pdf},
 year = {2017}
}
\end{bibliography}